<?xml version="1.0" encoding="UTF-8"?><collection xmlns="http://www.loc.gov/MARC21/slim"><record><leader>00416nam--2200157-i-4500</leader><controlfield tag="001">000005334</controlfield><controlfield tag="002">20161230</controlfield><controlfield tag="005">20170107135448</controlfield><controlfield tag="008">060222s1000------------r-----000-0-eng-d</controlfield><datafield ind1=" " ind2=" " tag="100"><subfield code="a">Brinckmann, H. F</subfield></datafield><datafield ind1=" " ind2=" " tag="245"><subfield code="a">Thermal neutron activation cross sections of hf 178 m and hf 179 m</subfield></datafield><datafield ind1=" " ind2=" " tag="260"><subfield code="a">Budapest</subfield><subfield code="c">1960</subfield></datafield><datafield ind1=" " ind2=" " tag="300"><subfield code="a">8 p. + 4 Fig</subfield></datafield><datafield ind1=" " ind2=" " tag="700"><subfield code="a">Alexander, K. F</subfield></datafield><datafield ind1=" " ind2=" " tag="852"><subfield code="a">7303</subfield></datafield><datafield ind1=" " ind2=" " tag="CAT"><subfield code="a">SYS</subfield><subfield code="c">20170107</subfield><subfield code="h">135448</subfield></datafield></record></collection>